<?xml version="1.0" encoding="UTF-8"?><collection xmlns="http://www.loc.gov/MARC21/slim"><record><leader>00453nam--2200145-i-4500</leader><controlfield tag="001">000012295</controlfield><controlfield tag="002">20161230</controlfield><controlfield tag="005">20170220001358</controlfield><controlfield tag="008">060222s1000------------r-----000-0-eng-d</controlfield><datafield ind1=" " ind2=" " tag="245"><subfield code="a">Collected papers of sir Harold Jeffreys on geophysics and other sciences. In six vol. Vol.1: Astronomy and geophysics</subfield></datafield><datafield ind1=" " ind2=" " tag="260"><subfield code="a">London</subfield><subfield code="b">Gordon And Breach</subfield><subfield code="c">1976</subfield></datafield><datafield ind1=" " ind2=" " tag="300"><subfield code="a">493 p</subfield></datafield><datafield ind1=" " ind2=" " tag="700"><subfield code="a">Jeffreys, Harold</subfield></datafield><datafield ind1=" " ind2=" " tag="852"><subfield code="a">550.3(081.1)</subfield></datafield><datafield ind1=" " ind2=" " tag="CAT"><subfield code="a">SYS</subfield><subfield code="c">20170220</subfield><subfield code="h">001358</subfield></datafield></record></collection>